@misc{noauthor_huffman-kodierung_2019,
	title = {Huffman-{Kodierung} - {W}ikipedia},
	copyright = {Creative Commons Attribution-ShareAlike License},
	url = {https://de.wikipedia.org/w/index.php?title=Huffman-Kodierung&oldid=188812775},
	abstract = {Die Huffman-Kodierung ist eine Form der Entropiekodierung, die 1952 von David A. Huffman entwickelt und in der Abhandlung A Method for the Construction of Minimum-Redundancy Codes publiziert wurde.
Sie ordnet einer festen Anzahl an Quellsymbolen jeweils Codewörter mit variabler Länge zu. In der Informationstechnik ist sie ein Präfix-Code, die üblicherweise für verlustfreie Kompression benutzt wird. Ähnlich anderer Entropiekodierungen werden häufiger auftauchende Zeichen mit weniger Bits repräsentiert als seltener auftauchende.},
	language = {de},
	urldate = {2019-06-03},
	journal = {Wikipedia},
	month = may,
	year = {2019},
	note = {Page Version ID: 188812775},
	file = {Snapshot:/home/dvg/Zotero/storage/ZKSNT4RI/index.html:text/html}
}

@misc{noauthor_jpeg-kompression_nodate,
	title = {Die {JPEG}-{Kompression} - von {S}.{Wickenburg}, {A}.{Rooch} und {J}.{Groß}},
	url = {https://www.mathematik.de/spudema/spudema_beitraege/beitraege/rooch/nkap04.html},
	urldate = {2019-06-03},
	file = {Die JPEG-Kompression - von S.Wickenburg, A.Rooch und J.Groß:/home/dvg/Zotero/storage/Z4VUM4MT/nkap04.html:text/html}
}

@misc{noauthor_<person>huffman</person>-code_nodate,
	title = {Huffman-Code - {H}ochschule Flensburg},
	url = {http://www.iti.fh-flensburg.de/lang/algorithmen/code/huffman/huffman.htm},
	urldate = {2019-06-03},
	file = {<person>Huffman</person>-Code:/home/dvg/Zotero/storage/BDTFBVV9/huffman.html:text/html}
}

@misc{noauthor_explain_nodate,
	title = {Extended huffman coding - http://www.ques10.com/p/30204/explain-extended-huffman-coding-what-is-the-advant/},
	url = {http://www.ques10.com/p/30204/explain-extended-huffman-coding-what-is-the-advant/},
	urldate = {2019-06-05},
	file = {Explain extended huffman coding. What is the advantage of extended Huffman coding?:/home/dvg/Zotero/storage/WB4HZSQX/explain-extended-huffman-coding-what-is-the-advant.html:text/html}
}

@misc{noauthor_entropie_2019,
	title = {Entropie ({Informationstheorie} - {W}ikipedia)},
	copyright = {Creative Commons Attribution-ShareAlike License},
	url = {https://de.wikipedia.org/w/index.php?title=Entropie_(Informationstheorie)&oldid=185850842},
	abstract = {Entropie (nach dem Kunstwort ἐντροπία) ist in der Informationstheorie ein Maß für den mittleren Informationsgehalt einer Nachricht. Der Begriff ist eng verwandt mit der Entropie in der Thermodynamik und Statistischen Mechanik.
Das informationstheoretische Verständnis des Begriffes Entropie geht auf Claude E. Shannon zurück und existiert seit etwa 1948. In diesem Jahr veröffentlichte Shannon seine fundamentale Arbeit A Mathematical Theory of Communication und prägte damit die moderne Informationstheorie.
Die Entropie wird üblicherweise mit einem großen Eta (
  
    
      
        
          H
        
      
    
    \{{\textbackslash}displaystyle {\textbackslash}mathrm \{H\} \}
  ) bezeichnet.},
	language = {de},
	urldate = {2019-06-05},
	journal = {Wikipedia},
	month = feb,
	year = {2019},
	note = {Page Version ID: 185850842},
	file = {Snapshot:/home/dvg/Zotero/storage/I75KEYN2/index.html:text/html}
}

@misc{noauthor_informatik_nodate,
	title = {Informatik in der {Oberstufe} - {Komprimierung} von {Daten}},
	url = {https://www.lehrer.uni-karlsruhe.de/~za714/informatik/infkurs/komp_huff.html},
	urldate = {2019-06-05},
	file = {Informatik in der Oberstufe - Komprimierung von Daten:/home/dvg/Zotero/storage/8M9SCBCC/komp_huff.html:text/html}
}
